<?xml version="1.0" encoding="UTF-8"?><collection xmlns="http://www.loc.gov/MARC21/slim"><record><leader>00371nam--2200133-i-4500</leader><controlfield tag="001">000047879</controlfield><controlfield tag="002">20161230</controlfield><controlfield tag="005">20161230201046</controlfield><controlfield tag="008">060222s1000------------r-----000-0-eng-d</controlfield><datafield ind1=" " ind2=" " tag="080"><subfield code="a">546.681:669.778:537.222.22(061.3)</subfield></datafield><datafield ind1=" " ind2=" " tag="245"><subfield code="a">Gallium arsenide and related compounds 1978</subfield></datafield><datafield ind1=" " ind2=" " tag="260"><subfield code="a">Bristol, The Inst.Of Ph.,1979. Xiii + 533 P</subfield></datafield><datafield ind1=" " ind2=" " tag="700"><subfield code="a">Wolf,Charlesm</subfield></datafield><datafield ind1=" " ind2=" " tag="852"><subfield code="a">47990</subfield></datafield></record></collection>